@book {aerodynamics,
author = "玉木章夫",
title = {飛しょう体の空気力学},
publisher = "東京大学出版会",
year = "1974",
URL = "https://ndlsearch.ndl.go.jp/books/R100000002-I000001138150"
}

@book{nielsen1988missile,
  title={Missile Aerodynamics},
  author={Nielsen, J.N.},
  isbn={9780962062902},
  lccn={88015223},
  series={Library of Flight},
  url={https://books.google.co.jp/books?id=uUAuAAAACAAJ},
  year={1988},
  publisher={Nielsen Engineering \& Research},
  note = {\url{https://www.airloads.net/Textbooks.html}}
}


@article{openrocket,
  author = {Sampo Niskanen},
  title = {OpenRocket technical documentation -- For OpenRocket version 13.05},
  year = {2013},
  note = {\url{https://openrocket.info/documentation.html}}
}

@article{barrowman,
  author = {Barrowman, J. S.},
  title = {The Practical Calculation of the Aerodynamic Characteristics of Slender Finned Vehicles},
  publisher = {Washington, D.C. : National Aeronautics and Space Administration},
  year={1967},
  month={March},
  note = {\url{https://ntrs.nasa.gov/citations/20010047838}}
}

@article{roll_damping_moment_est,
  author = {Adams, G. J. and Dugan, D. W.},
  title = {Theoretical damping in roll and rolling moment due to differential wing incidence for slender cruciform wings and wing-body combinations},
  publisher = {Washington, D.C. : National Aeronautics and Space Administration},
  year={1952},
  month={January},
  note = {\url{https://ntrs.nasa.gov/citations/19930091085}}
}